<record><leader>00000cas a22000007a 4500</leader><controlfield tag="001">28235194</controlfield><controlfield tag="008">930608d19041909scucr ne      0    0eng d</controlfield><datafield ind1=" " ind2=" " tag="010"><subfield code="a">sn 93067789 </subfield></datafield><datafield ind1=" " ind2=" " tag="040"><subfield code="a">SVN</subfield><subfield code="b">eng</subfield><subfield code="c">SVN</subfield><subfield code="d">OCLCQ</subfield></datafield><datafield ind1=" " ind2=" " tag="042"><subfield code="a">msc</subfield></datafield><datafield ind1="0" ind2=" " tag="130"><subfield code="a">Marion observer (Marion, S.C. : 1904)</subfield></datafield><datafield ind1="1" ind2="4" tag="245"><subfield code="a">The Marion observer.</subfield></datafield><datafield ind1=" " ind2=" " tag="260"><subfield code="a">Marion, S.C. :</subfield><subfield code="b">O.E. Crowson and J.V. Rowell</subfield></datafield><datafield ind1=" " ind2=" " tag="300"><subfield code="a">v.</subfield></datafield><datafield ind1=" " ind2=" " tag="310"><subfield code="a">Semiweekly,</subfield><subfield code="b">Jan. 31, 1905-</subfield></datafield><datafield ind1=" " ind2=" " tag="321"><subfield code="a">Weekly,</subfield><subfield code="b">Mar. 17, 1904 - Jan. 24, 1905</subfield></datafield><datafield ind1="0" ind2=" " tag="362"><subfield code="a">Vol. 1, no. 1 (Mar. 17, 1904)-</subfield></datafield><datafield ind1="1" ind2=" " tag="362"><subfield code="a">Ceased in 1909?</subfield></datafield><datafield ind1=" " ind2="4" tag="651"><subfield code="a">Marion County (S.C.)</subfield><subfield code="v">Newspapers.</subfield></datafield><datafield ind1=" " ind2=" " tag="752"><subfield code="a">United States</subfield><subfield code="b">South Carolina</subfield><subfield code="c">Marion</subfield><subfield code="d">Marion.</subfield></datafield><datafield ind1="1" ind2=" " tag="029"><subfield code="a">AU@</subfield><subfield code="b">000025891222</subfield></datafield></record>